<?xml version="1.0" encoding="UTF-8"?><record xmlns="http://www.loc.gov/MARC21/slim" xmlns:cinclude="http://apache.org/cocoon/include/1.0" xmlns:zs="http://www.loc.gov/zing/srw/">
  <leader>00444nz  a2200133n  4500</leader>
  <controlfield tag="001">n  87924806 </controlfield>
  <controlfield tag="003">DLC</controlfield>
  <controlfield tag="005">19880105055830.6</controlfield>
  <controlfield tag="008">870925n| acannaab|          |a aaa |||  </controlfield>
  <datafield tag="010" ind1=" " ind2=" ">
    <subfield code="a">n  87924806 </subfield>
  </datafield>
  <datafield tag="040" ind1=" " ind2=" ">
    <subfield code="a">DLC</subfield>
    <subfield code="c">DLC</subfield>
  </datafield>
  <datafield tag="100" ind1="1" ind2="0">
    <subfield code="a">Shvemberger, I. N.</subfield>
    <subfield code="q">(Irina Nikolaevna)</subfield>
  </datafield>
  <datafield tag="400" ind1="1" ind2="0">
    <subfield code="a">Shvemberger, Irina Nikolaevna</subfield>
  </datafield>
  <datafield tag="670" ind1=" " ind2=" ">
    <subfield code="a">Her Normalizat︠s︡ii︠a︡ opukholevykh kletok, 1987:</subfield>
    <subfield code="b">t.p. (I. N. Shvemberger) colophon (Irina Nikolaevna Shvemberger)</subfield>
  </datafield>
</record>